1920 1080
80 77 182 115 Study
195 78 298 107 shows
311 78 382 107 that

80 125 306 163 chimpanzees
318 126 412 155 work
423 126 577 163 together,

79 173 197 211 punish
210 174 276 203 bad
288 173 445 203 behavior

79 233 191 252 Chimpanzees
197 238 221 248 are
226 233 295 248 humans‘
302 233 358 248 closest
364 233 413 252 living
418 233 485 251 relative,
492 233 521 248 and
527 233 593 248 humans

79 256 115 271 love
120 256 159 271 their
164 256 225 275 playful
230 261 273 275 ways
279 256 308 271 and
315 256 341 275 big
347 256 403 271 smiles.
410 256 475 275 Chimps
481 261 505 271 are
511 256 543 271 also
549 256 615 275 thought

78 281 94 294 to
100 279 140 294 have
146 284 154 294 a
160 279 190 294 less
196 279 263 298 friendly
269 279 306 297 side,
312 279 376 298 though.
382 280 432 298 Many
437 279 494 298 people
499 279 544 294 think
549 279 586 298 they
592 284 616 294 are

79 302 166 317 combative
172 302 201 317 and
207 302 261 321 rough.

78 345 159 362 However,
166 349 174 359 a
179 349 214 359 new
220 344 266 363 study
272 344 324 359 shows
329 344 361 359 that
367 344 427 363 chimps
432 349 468 363 may
474 344 532 359 choose
537 344 608 363 working

78 367 147 386 together
153 372 190 382 over
196 367 266 386 ﬁghting.
272 367 323 382 When
328 367 365 386 they
371 367 391 382 do
398 367 441 386 ﬁght,
447 367 484 386 they
490 372 514 382 are
520 367 563 382 often
568 369 596 382 tar-

79 390 130 409 geting
136 395 144 405 a
150 390 201 409 chimp
207 390 239 405 that
244 390 303 405 refuses
308 392 324 405 to
330 390 374 405 work
379 390 416 405 with
422 390 448 405 the
453 392 497 405 team.

79 437 154 465 Study
163 437 299 458 Examined
308 437 397 465 Chimp
407 437 553 458 Teamwork

79 487 159 502 Scientists
165 489 179 502 at
184 488 242 506 Emory
247 487 337 506 University
343 487 403 502 studied
412 488 417 502 1
423 488 428 502 1
437 487 497 506 chimps
503 487 519 502 in
525 492 533 502 a
539 487 579 506 large

79 510 129 525 sealed
136 510 162 525 off
166 515 203 525 area.
210 510 253 529 They
258 510 318 525 wanted
324 512 340 525 to
347 515 372 525 see
378 510 421 525 ifthe
427 510 487 529 chimps
492 510 545 525 would
552 515 615 529 cooper-

79 535 106 548 ate.
113 533 156 552 They
162 533 224 548 deﬁned
231 533 331 552 cooperation
337 538 353 548 as
358 535 389 548 two
396 538 413 548 or
418 538 461 548 more
467 533 527 552 chimps
532 533 603 552 working

78 556 147 575 together
152 558 168 571 to
175 558 199 575 get
205 561 213 571 a
219 556 257 571 food
263 556 325 571 reward.

78 599 99 613 At
105 598 142 616 ﬁrst,
148 600 179 613 two
186 598 246 617 chimps
251 598 281 613 had
287 600 303 613 to
309 600 349 613 team
354 603 380 617 up.
387 599 421 613 One
426 598 456 613 had
462 600 478 613 to
485 598 509 613 lift
514 603 535 617 up
542 603 550 613 a
556 598 615 616 barrier,

79 621 166 640 something
171 621 203 636 that
208 626 240 636 was
246 621 262 636 in
267 621 293 636 the
298 626 337 640 way.
344 622 387 636 Once
392 621 418 636 the
424 621 479 636 barrier
484 626 516 636 was
522 621 570 639 lifted,
576 621 602 636 the

79 644 122 659 other
128 644 179 663 chimp
186 644 232 659 could
238 644 282 659 reach
289 649 297 659 a
302 646 335 663 tray
340 644 406 663 holding
412 644 456 659 small
461 644 513 663 pieces
519 644 538 659 of
542 644 582 659 fruit.
588 644 616 659 Af-

78 669 100 682 ter
105 669 136 682 two
143 667 203 682 learned
209 669 225 682 to
231 667 275 682 work
280 667 353 686 together,
360 667 423 682 another
429 667 480 686 object
485 672 517 682 was
522 669 550 686 put
556 667 572 682 in
577 667 603 682 the

78 695 117 709 way.
124 690 156 705 The
161 692 201 705 team
206 690 265 705 needed
272 695 280 705 a
285 690 325 705 third
332 690 383 709 chimp
389 692 405 705 to
411 690 453 709 pitch
460 690 476 705 in
482 690 496 705 if
500 690 520 705 all
525 690 567 705 three

78 713 138 728 wanted
144 715 160 728 to
167 715 191 732 get
196 713 222 728 the
228 713 271 728 food.

79 755 111 770 The
117 755 177 774 chimps
182 755 212 770 had
218 755 272 774 plenty
278 755 297 770 of
301 755 366 770 chances
371 757 387 770 to
394 757 468 774 compete.
475 755 507 770 The
513 755 589 770 scientists

79 778 141 793 deﬁned
148 778 267 797 “competition"
273 783 329 797 among
334 778 360 793 the
366 778 426 797 chimps
432 783 448 793 as
453 778 524 797 physical
530 778 600 797 ﬁghting,

79 801 154 820 bullying,
161 806 178 816 or
184 801 283 820 freeloading.
289 801 390 820 Freeloading
396 801 409 816 is
415 801 479 820 stealing
484 801 510 816 the
515 801 572 816 reward

78 824 144 839 without
149 824 210 843 putting
216 824 232 839 in
237 824 263 839 the
268 824 312 839 work
318 824 337 839 of
341 824 398 843 getting
404 824 419 839 it.

79 871 180 899 Chimps
189 871 304 899 Rejected
312 871 506 899 Uncooperative
516 871 617 899 Chimps

79 921 111 936 The
117 921 193 936 scientists
199 921 259 936 learned
266 926 274 936 a
280 921 302 936 lot
308 921 348 936 from
353 921 379 936 the
385 921 435 940 study.
442 921 474 936 The
480 921 540 940 chimps
545 921 608 936 worked

78 944 147 963 together
152 944 198 959 much
204 949 247 959 more
253 944 296 959 often
301 944 338 959 than
343 944 380 963 they
386 944 445 963 fought.
451 945 469 959 In
475 944 549 962 addition,
555 944 601 959 when

690 75 720 85 one
726 70 777 89 chimp
783 70 821 85 tried
827 72 843 85 to
850 72 924 89 compete,
930 70 956 85 the
962 70 1013 85 others
1018 70 1056 85 tried
1062 72 1078 85 to
1084 70 1141 89 punish
1147 70 1178 85 this
1184 70 1209 85 be-

689 93 748 108 havior.
755 93 798 112 They
803 93 856 108 would
862 93 906 108 work
911 93 948 108 with
954 93 993 108 their
998 98 1041 108 more
1047 93 1168 112 group-focused
1175 93 1204 108 and

690 116 788 135 cooperative
794 116 847 131 fellow
853 116 917 135 chimps,
924 116 987 131 instead.

689 158 740 173 When
745 158 771 173 the
777 158 837 177 chimps
843 158 869 173 did
876 158 919 177 ﬁght,
926 158 937 173 it
942 163 974 173 was
980 158 1023 173 often
1028 160 1044 173 to
1051 160 1085 177 stop
1091 158 1117 173 the
1123 158 1177 177 overly
1183 163 1224 173 com-

689 181 753 200 petitive
759 181 819 200 chimps
825 186 842 196 or
847 183 863 196 to
869 183 933 200 prevent
939 186 947 196 a
953 181 1004 200 chimp
1011 181 1051 196 from
1057 181 1156 200 freeloading.
1163 181 1195 196 The

690 204 750 223 chimps
756 204 782 219 did
788 206 816 219 not
822 204 853 219 like
859 204 870 219 it
875 204 921 219 when
927 204 970 219 other
976 204 1036 223 chimps
1041 204 1079 219 tried
1085 206 1101 219 to
1107 204 1142 219 take
1147 204 1188 219 what
1193 204 1230 223 they

690 227 716 242 did
722 229 750 242 not
755 227 799 242 work
805 227 833 242 for.
839 228 889 246 Many
894 227 943 245 times,
949 227 975 242 the
981 227 1057 242 scientists
1063 232 1094 242 saw
1100 232 1108 242 a
1114 227 1165 246 chimp
1172 229 1204 246 step
1211 227 1227 242 in

689 252 705 265 to
711 250 768 269 punish
775 250 871 265 ﬁeeloaders.

689 292 744 311 Plenty
750 292 769 307 of
773 292 816 307 other
822 292 886 307 animals
892 294 977 311 cooperate.
983 293 1023 307 Ants
1029 297 1053 307 are
1059 297 1089 307 one
1095 292 1169 311 example.
1175 293 1222 307 How-

690 320 729 333 ever,
735 315 761 330 the
767 315 800 330 lead
807 315 875 330 scientist
880 315 936 330 Malini
943 315 1005 330 Suchak
1011 315 1081 334 explains
1086 315 1118 330 that
1124 317 1157 330 ants
1163 315 1192 330 and

689 340 730 353 most
736 338 779 353 other
785 338 849 353 animals
854 338 912 357 mostly
917 338 953 357 help
959 338 998 353 their
1004 338 1058 357 family
1063 338 1143 353 members.
1150 338 1181 353 She
1187 343 1222 357 says

689 361 715 376 the
721 363 754 376 ants
760 361 780 376 do
786 363 814 376 not
819 361 867 380 really
872 361 917 376 think
923 361 970 376 about
975 361 1016 376 what
1021 361 1058 380 they
1064 366 1088 376 are
1094 361 1146 380 doing.
1153 361 1196 380 They
1202 366 1226 376 are

690 384 764 403 basically
769 384 875 403 programmed
881 386 897 399 to
903 384 939 403 help
945 384 984 399 their
989 384 1064 399 relatives.
1070 385 1101 399 Her
1107 384 1153 403 study
1159 384 1211 399 shows

689 407 721 422 that
726 407 752 422 the
758 407 818 426 chimps
824 412 848 422 are
854 407 920 426 actually
925 407 997 426 thinking
1003 407 1050 422 about
1056 407 1160 426 cooperation.
1166 407 1212 422 What

689 430 715 445 the
721 430 781 449 chimps
787 430 807 445 do
814 430 827 445 is
832 430 878 445 much
885 430 934 445 closer
939 432 955 445 to
961 430 1019 445 human
1025 430 1099 445 behavior
1104 430 1141 445 than
1146 432 1162 445 to
1168 430 1194 445 the

690 454 726 468 ants’
733 453 811 471 behavior,
818 453 845 468 she
851 453 888 468 said.
