1920 1080
79 77 294 107 McDonald's
307 80 340 107 to
354 78 477 115 change
489 78 577 107 what

79 125 131 155 it's
145 126 240 155 made
253 125 296 161 of,
311 134 457 155 removes

79 174 257 211 unhealthy
269 173 467 211 ingredients

78 234 126 248 NEW
131 234 194 251 YORK,
200 234 239 248 N.Y.
245 243 266 244 —
271 233 374 248 McDonald's
380 233 393 248 is
398 233 449 252 trying
454 235 470 248 to
477 233 553 248 convince
558 233 615 252 people

79 256 90 271 it
96 256 134 271 does
139 258 167 271 not
173 256 260 275 servejunk
266 256 309 271 food.
316 256 348 271 The
354 256 383 271 fast
389 256 427 271 food
434 256 479 271 chain
485 256 517 271 said
523 256 595 275 Monday
601 256 612 271 it

78 279 111 294 will
116 284 137 294 no
144 279 197 298 longer
202 279 247 294 make
253 284 296 294 some
302 279 321 294 of
325 279 344 294 its
350 279 388 294 food
394 279 431 294 with
438 279 494 294 certain
500 279 582 294 chemicals
588 279 617 294 and

79 302 122 317 other
128 302 225 321 ingredients.

78 345 91 359 It
97 344 129 359 said
135 344 167 359 that
173 344 243 359 Chicken
248 345 345 363 McNuggets
351 344 380 359 and
387 344 430 359 other
436 344 483 359 foods
488 344 521 359 will
526 344 546 359 be
551 344 596 359 made

78 367 144 382 without
150 367 220 382 artificial
225 367 340 386 preservatives.
347 367 396 382 These
402 372 426 382 are
432 367 514 382 chemicals
519 367 551 382 that
556 367 595 386 keep

79 390 117 405 food
124 390 164 405 from
170 390 242 409 spoiling.
248 391 261 405 It
266 390 299 405 will
305 390 337 405 also
343 390 378 405 take
384 392 411 405 out
416 390 529 409 high-fructose
535 395 572 405 corn

79 418 125 432 syrup
132 413 172 428 from
178 413 197 428 its
203 413 257 432 burger
263 413 307 428 buns.
313 413 430 432 High-fructose
436 418 473 428 corn
479 418 525 432 syrup
532 413 545 428 is
551 418 559 428 a
565 415 617 428 sweet-

79 441 114 451 ener
119 436 164 451 made
170 436 210 451 from
216 441 257 451 corn.
263 436 318 451 Health
325 438 385 455 experts
391 441 418 455 say
424 436 435 451 it
441 436 454 451 is
459 438 487 451 not
492 436 555 455 healthy
561 436 590 451 and

78 459 131 474 makes
136 459 193 478 people
199 459 297 478 overweight.

78 506 238 527 McDonald's
247 506 389 534 Popularity
398 506 524 534 Declining

78 556 181 571 McDonald's
187 556 200 571 is
205 556 231 571 the
236 556 298 571 world's
304 556 363 575 biggest
369 556 423 575 burger
429 556 478 571 chain.
484 557 497 571 It
503 556 516 571 is
522 556 588 575 ﬁghting
593 558 609 571 to

79 581 103 598 get
109 579 148 594 back
154 581 242 594 customers.
248 580 278 594 For
283 579 309 594 the
314 579 354 594 third
361 579 423 598 straight
428 584 468 598 year,
475 579 521 594 fewer
526 579 583 598 people
589 584 613 594 are

79 602 129 621 eating
135 604 149 617 at
154 602 257 617 McDonald's
262 604 353 617 restaurants
359 602 375 617 in
380 602 406 617 the
411 602 468 617 United
475 603 528 617 States.

78 644 123 659 Mike
128 644 189 659 Andres
195 644 208 659 is
213 644 291 663 president
297 644 422 659 ofMcDonald's
427 645 463 659 U.S.
469 644 485 659 If
489 646 573 659 customers
579 644 599 659 do

78 669 106 682 not
111 669 152 682 want
157 667 200 682 these
206 667 303 686 ingredients,
309 667 329 682 he
335 667 367 682 said
373 667 476 682 McDonald's
482 667 538 682 should
545 669 569 686 get
574 667 597 682 rid

79 690 98 705 of
101 690 147 705 them.

78 733 103 747 No
110 737 140 747 one
145 732 201 747 knows
207 732 221 747 if
225 734 309 747 customers
315 737 354 747 even
360 737 393 747 care
399 732 446 747 about
451 732 477 747 the
483 732 553 751 changes.

79 779 201 807 Counting
211 779 321 800 Calories

78 829 147 844 Michael
152 829 230 844 Jacobson
236 829 249 844 is
255 834 263 844 a
269 829 307 844 food
314 831 370 848 expert.
376 830 400 844 He
405 834 442 844 runs
447 829 473 844 the
479 830 534 844 Center
540 829 564 844 for
570 829 602 844 Sci-

79 857 116 867 ence
122 852 138 867 in
143 852 169 867 the
174 852 228 867 Public
234 853 301 867 Interest.
308 852 340 867 The
346 857 394 871 group
400 854 449 867 wants
454 852 511 871 people
516 854 532 867 to
539 854 562 867 eat
568 852 607 867 safer

79 875 108 890 and
114 875 188 890 healthier
194 875 237 890 food.
243 875 321 890 Jacobson
327 875 359 890 said
365 875 397 890 that
402 875 505 890 McDonald's
511 875 545 890 isn't
551 875 612 894 dealing

78 898 115 913 with
121 898 147 913 the
152 898 183 913 real
188 898 259 917 problem
264 898 301 913 with
307 900 390 913 restaurant
396 898 439 913 food.
446 898 478 913 The
483 898 514 913 real
519 898 590 917 problem
596 898 609 913 is

78 923 105 936 too
111 926 158 940 many
164 921 232 936 calories.
239 921 308 936 Calories
314 921 354 936 from
360 921 398 936 food
405 921 462 940 supply
467 921 493 936 the
499 926 555 940 energy
560 921 592 936 that

690 70 730 85 fuels
735 70 804 89 people's
810 70 869 85 bodies.
875 71 956 88 However,
962 72 989 85 too
995 75 1042 89 many
1048 70 1116 88 calories,
1123 75 1140 85 or
1145 70 1171 85 the
1176 75 1230 89 wrong

689 93 727 108 kind
734 93 753 108 of
757 93 825 111 calories,
832 98 860 108 can
865 93 910 108 make
915 93 972 112 people
977 93 1062 112 unhealthy
1068 93 1097 108 and
1104 93 1202 112 overweight.

689 136 719 150 For
725 135 797 153 instance,
803 135 823 150 he
829 135 866 153 said,
872 135 975 150 McDonald's
981 140 1009 150 can
1014 140 1042 150 use
1048 140 1092 154 sugar
1098 135 1156 150 instead
1163 135 1229 154 ofhigh-

690 158 757 173 fructose
763 163 800 173 corn
806 163 857 177 syrup.
863 159 944 176 However,
951 163 995 177 sugar
1001 158 1039 173 does
1044 160 1072 173 not
1077 158 1122 173 make
1128 158 1182 177 burger
1188 158 1228 173 buns

690 186 720 200 any
725 181 803 196 healthier.

690 228 806 256 Catering
816 228 851 249 To
861 228 973 249 Families

689 279 702 293 It
708 278 721 293 is
727 278 810 297 especially
816 278 898 297 important
904 278 928 293 for
933 278 1036 293 McDonald's
1041 280 1057 293 to
1064 278 1140 293 convince
1145 278 1202 297 people
1208 278 1219 293 it

690 306 741 316 serves
746 301 809 320 healthy
815 301 858 316 food.
864 302 914 320 Many
920 301 986 316 families
992 306 1011 320 go
1017 303 1033 316 to
1039 301 1142 316 McDonald's
1148 301 1172 316 for
1178 301 1197 316 its

689 325 746 343 Happy
751 324 806 339 Meals.
812 325 874 339 Parents
879 326 920 339 want
926 324 973 343 quick
979 324 1008 339 and
1015 324 1116 343 inexpensive
1121 324 1173 339 meals.
1180 324 1223 343 They

690 347 722 362 also
728 349 769 362 want
774 347 813 362 their
818 347 854 362 kids
859 349 875 362 to
882 349 905 362 eat
910 347 977 366 healthy.

690 389 722 404 The
728 394 805 408 company
811 389 824 404 is
829 394 866 404 now
871 389 934 408 making
939 394 982 404 more
987 394 1045 408 money
1051 389 1067 404 in
1072 389 1098 404 the
1103 389 1160 404 United
1167 390 1220 404 States.

689 413 702 427 It
708 412 757 431 began
762 414 778 427 to
785 412 813 427 sell
818 417 861 427 more
867 412 905 427 food
912 412 949 427 after
955 412 966 427 it
972 412 1063 427 announced
1070 412 1086 427 in
1092 412 1159 427 October
1164 412 1196 427 that
1202 412 1213 427 it

689 435 742 450 would
749 440 792 450 serve
798 435 874 450 breakfast
880 435 900 450 all
906 435 940 454 day.
946 436 964 450 In
969 435 1018 454 April,
1024 436 1063 454 May
1069 435 1098 450 and
1104 436 1147 453 June,
1153 435 1217 454 though,

689 458 792 473 McDonald's
798 458 829 473 still
834 458 879 473 made
884 463 927 473 more
932 463 994 477 money,
998 458 1031 477 just
1036 460 1064 473 not
1070 463 1086 473 as
1091 458 1142 473 much.
1148 458 1206 477 People

689 486 725 500 may
730 483 758 496 not
764 481 783 496 be
789 486 805 496 as
811 481 870 496 excited
877 481 924 496 about
930 481 988 500 all-day
993 482 1026 500 Egg
1031 481 1128 496 McMuffins
1134 486 1150 496 as
1155 481 1192 500 they

689 509 729 519 were
735 504 763 519 last
769 504 800 519 fall.

690 547 715 561 On
720 546 796 565 Monday,
803 551 811 561 a
816 546 919 561 McDonald's
925 546 962 561 chef
966 546 1029 561 showed
1035 548 1110 565 reporters
1115 546 1147 561 that
1152 546 1172 561 he
1177 546 1215 561 used

689 569 720 584 real
726 574 762 588 eggs
767 571 783 584 to
789 569 834 584 make
839 570 872 588 Egg
877 569 978 584 McMuffins.
985 569 1017 584 The
1023 574 1100 588 company
1105 571 1154 584 wants
1159 571 1175 584 to
1182 569 1219 584 send

690 597 698 607 a
703 597 772 611 message
777 592 809 607 that
815 592 826 607 it
832 597 883 607 serves
888 592 951 611 healthy
957 592 1000 607 food.
